<record><leader>00000cas a2200000 i 4500</leader><controlfield tag="001">856530463</controlfield><controlfield tag="006">m     o  d        </controlfield><controlfield tag="007">cr |||||||||||</controlfield><controlfield tag="008">130821d18661891ohuwr neo     0   a0eng  </controlfield><datafield ind1=" " ind2=" " tag="010"><subfield code="a">  2013218931</subfield></datafield><datafield ind1=" " ind2=" " tag="040"><subfield code="a">DLC</subfield><subfield code="b">eng</subfield><subfield code="e">rda</subfield><subfield code="c">DLC</subfield><subfield code="d">DLC</subfield><subfield code="d">OCLCF</subfield></datafield><datafield ind1="0" ind2=" " tag="022"><subfield code="a">2330-6157</subfield><subfield code="2">1</subfield></datafield><datafield ind1=" " ind2=" " tag="042"><subfield code="a">pcc</subfield><subfield code="a">nsdp</subfield></datafield><datafield ind1=" " ind2=" " tag="043"><subfield code="a">n-us-oh</subfield></datafield><datafield ind1="1" ind2="0" tag="050"><subfield code="a">ISSN RECORD</subfield></datafield><datafield ind1="0" ind2="0" tag="082"><subfield code="a">071</subfield><subfield code="2">23</subfield></datafield><datafield ind1="0" ind2=" " tag="130"><subfield code="a">Vinton record (McArthur, Ohio : 1866 : Online)</subfield></datafield><datafield ind1=" " ind2="4" tag="222"><subfield code="a">The Vinton record</subfield><subfield code="b">(McArthur, Ohio. 1866. Online)</subfield></datafield><datafield ind1="1" ind2="4" tag="245"><subfield code="a">The Vinton record.</subfield></datafield><datafield ind1=" " ind2="1" tag="264"><subfield code="a">M'arthur, Vinton County, Ohio :</subfield><subfield code="b">W. E. &amp; A. W. Bratton,</subfield><subfield code="c">1866-</subfield></datafield><datafield ind1=" " ind2=" " tag="310"><subfield code="a">Weekly</subfield></datafield><datafield ind1=" " ind2=" " tag="336"><subfield code="a">text</subfield><subfield code="b">txt</subfield><subfield code="2">rdacontent</subfield></datafield><datafield ind1=" " ind2=" " tag="337"><subfield code="a">computer</subfield><subfield code="b">c</subfield><subfield code="2">rdamedia</subfield></datafield><datafield ind1=" " ind2=" " tag="338"><subfield code="a">online resource</subfield><subfield code="b">cr</subfield><subfield code="2">rdacarrier</subfield></datafield><datafield ind1="1" ind2=" " tag="362"><subfield code="a">Began with Vol. 1, no. 1 (January 4, 1866); ceased July 23, 1891.</subfield></datafield><datafield ind1=" " ind2=" " tag="500"><subfield code="a">"Democratic, 1866-1867; Republican, 1867-1891." Cf. Gutgesell, S. Guide to Ohio newspapers, 1974.</subfield></datafield><datafield ind1=" " ind2=" " tag="515"><subfield code="a">Numbering irregular.</subfield></datafield><datafield ind1=" " ind2=" " tag="530"><subfield code="a">Available on microfilm from the New York Public Library, and the LIbrary of Congress, Photoduplication Service.</subfield></datafield><datafield ind1=" " ind2=" " tag="588"><subfield code="a">Description based on: Vol. 1, no. 1 (January 4, 1866); title from masthead (Chroniclingamerica.loc.gov, viewed August 21, 2013).</subfield></datafield><datafield ind1=" " ind2=" " tag="588"><subfield code="a">Latest issue consulted: Vol. 25, no. 42 (December 31, 1874) (Chroniclingamerica.loc.gov, viewed August 21, 2013).</subfield></datafield><datafield ind1=" " ind2="0" tag="651"><subfield code="a">McArthur (Ohio)</subfield><subfield code="v">Newspapers.</subfield></datafield><datafield ind1=" " ind2="7" tag="655"><subfield code="a">Newspapers.</subfield><subfield code="2">fast</subfield><subfield code="0">(OCoLC)fst01423814</subfield></datafield><datafield ind1=" " ind2="7" tag="651"><subfield code="a">Ohio</subfield><subfield code="z">McArthur.</subfield><subfield code="2">fast</subfield><subfield code="0">(OCoLC)fst01269919</subfield></datafield><datafield ind1=" " ind2=" " tag="752"><subfield code="a">United States</subfield><subfield code="b">Ohio</subfield><subfield code="c">Vinton</subfield><subfield code="d">McArthur.</subfield></datafield><datafield ind1="0" ind2="8" tag="776"><subfield code="i">Originally issued in print:</subfield><subfield code="t">Vinton record (McArthur, Ohio : 1866 : Online)</subfield><subfield code="x">2330-6149</subfield><subfield code="w">(DLC)sn 85038222</subfield><subfield code="w">(OCoLC)11914888</subfield></datafield><datafield ind1="0" ind2="0" tag="780"><subfield code="t">M'arthur Democrat (Online)</subfield></datafield><datafield ind1="0" ind2="7" tag="785"><subfield code="t">McArthur courant (Online)</subfield></datafield><datafield ind1="0" ind2="7" tag="785"><subfield code="t">Vinton record and McArthur courant (Online)</subfield></datafield><datafield ind1="4" ind2="0" tag="856"><subfield code="u">http://chroniclingamerica.loc.gov/lccn/sn85038222/issues</subfield></datafield></record>